<?xml version="1.0" encoding="UTF-8"?><collection xmlns="http://www.loc.gov/MARC21/slim"><record><leader>00344nam--2200121-i-4500</leader><controlfield tag="001">000047052</controlfield><controlfield tag="002">20161230</controlfield><controlfield tag="005">20161230201046</controlfield><controlfield tag="008">060222s1000------------r-----000-0-eng-d</controlfield><datafield ind1=" " ind2=" " tag="100"><subfield code="a">Votruba, Vaclav</subfield></datafield><datafield ind1=" " ind2=" " tag="245"><subfield code="a">A propos de la covariance d`equations de champs physiques par rapport au groupe de lorentz</subfield></datafield><datafield ind1=" " ind2=" " tag="260"><subfield code="a">/F.L./, 1946. 12 P</subfield></datafield><datafield ind1=" " ind2=" " tag="852"><subfield code="a">1681</subfield></datafield></record></collection>